0_KPJ7NQ8V

@book{knuth1986texthe,
	title = {{TEX:} the program},
	isbn = {9780201134377},
	shorttitle = {{TEX}},
	language = {en},
	publisher = {Addison-Wesley Pub. Co.},
	author = {Knuth, Donald Ervin},
	year = {1986},
	keywords = {Composici{\'o}n tipogr{\'a}fica automatizada, Computerized typesetting, Computers / Desktop Applications / Desktop Publishing, Computers / Electronic Publishing, Computers / General, Mathematics printing, {TeX} (Computer file), {TeX} (Computer system), {TEX} (Sistema para computador), Tipos (Imprenta)}
}